<record><leader>00000cas a22000007a 4500</leader><controlfield tag="001">21473452</controlfield><controlfield tag="008">900503c19909999txudr ne      0   a0eng c</controlfield><datafield ind1=" " ind2=" " tag="010"><subfield code="a">sn 90005736 </subfield></datafield><datafield ind1=" " ind2=" " tag="040"><subfield code="a">NSD</subfield><subfield code="b">eng</subfield><subfield code="c">NSD</subfield><subfield code="d">OCLCQ</subfield><subfield code="d">HALAN</subfield><subfield code="d">OCLCQ</subfield><subfield code="d">OCLCF</subfield><subfield code="d">OCLCO</subfield></datafield><datafield ind1=" " ind2=" " tag="012"><subfield code="m">y</subfield></datafield><datafield ind1="1" ind2=" " tag="022"><subfield code="a">1050-3773</subfield><subfield code="l">1050-3773</subfield><subfield code="y">0896-3320</subfield><subfield code="2">1</subfield></datafield><datafield ind1=" " ind2=" " tag="032"><subfield code="a">386180</subfield><subfield code="b">USPS</subfield></datafield><datafield ind1=" " ind2=" " tag="037"><subfield code="b">Daily Pasadena Citizen, P.O. Box 6192, Pasadena, TX 77506</subfield></datafield><datafield ind1=" " ind2=" " tag="042"><subfield code="a">nsdp</subfield><subfield code="a">pcc</subfield></datafield><datafield ind1=" " ind2=" " tag="043"><subfield code="a">n-us-tx</subfield></datafield><datafield ind1="0" ind2=" " tag="130"><subfield code="a">Pasadena citizen (Pasadena, Tex. : 1990)</subfield></datafield><datafield ind1=" " ind2="0" tag="222"><subfield code="a">Pasadena citizen</subfield><subfield code="b">(1990)</subfield></datafield><datafield ind1="1" ind2="0" tag="245"><subfield code="a">Pasadena citizen.</subfield></datafield><datafield ind1=" " ind2=" " tag="260"><subfield code="a">Pasadena, Tex. :</subfield><subfield code="b">PCL Pub. Co.</subfield></datafield><datafield ind1=" " ind2=" " tag="300"><subfield code="a">v.</subfield></datafield><datafield ind1=" " ind2=" " tag="310"><subfield code="a">Daily</subfield></datafield><datafield ind1="1" ind2=" " tag="362"><subfield code="a">Began in 1990?</subfield></datafield><datafield ind1=" " ind2=" " tag="588"><subfield code="a">Description based on: Vol. 43, no. 86 (Tuesday, Mar. 27, 1990).</subfield></datafield><datafield ind1=" " ind2="0" tag="650"><subfield code="a">American newspapers</subfield><subfield code="z">Texas</subfield><subfield code="z">Pasadena.</subfield></datafield><datafield ind1=" " ind2="0" tag="651"><subfield code="a">Pasadena (Tex.)</subfield><subfield code="v">Newspapers.</subfield></datafield><datafield ind1=" " ind2="7" tag="655"><subfield code="a">Newspapers.</subfield><subfield code="2">fast</subfield><subfield code="0">(OCoLC)fst01423814</subfield></datafield><datafield ind1=" " ind2="7" tag="650"><subfield code="a">American newspapers.</subfield><subfield code="2">fast</subfield><subfield code="0">(OCoLC)fst00807293</subfield></datafield><datafield ind1=" " ind2="7" tag="651"><subfield code="a">Texas</subfield><subfield code="z">Pasadena.</subfield><subfield code="2">fast</subfield><subfield code="0">(OCoLC)fst01211743</subfield></datafield><datafield ind1=" " ind2=" " tag="752"><subfield code="a">United States</subfield><subfield code="b">Texas</subfield><subfield code="c">Harris</subfield><subfield code="d">Pasadena.</subfield></datafield><datafield ind1="0" ind2="0" tag="780"><subfield code="t">Daily Pasadena citizen</subfield><subfield code="x">0896-3320</subfield><subfield code="w">(DLC)sn 87003631</subfield></datafield></record>